@book{AllenHatcher2001,
  title={Algebraic Topology},
  author={Allen Hatcher},
  year={2001}
}